<record><leader>00000cas a2200000 a 4500</leader><controlfield tag="001">32807374</controlfield><controlfield tag="007">hd bfu---baat</controlfield><controlfield tag="007">hd afu---bact</controlfield><controlfield tag="008">950712d18951898nbudn nea     0    0eng c</controlfield><datafield ind1=" " ind2=" " tag="010"><subfield code="a">sn 95070163 </subfield></datafield><datafield ind1=" " ind2=" " tag="040"><subfield code="a">NVG</subfield><subfield code="b">eng</subfield><subfield code="c">NVG</subfield><subfield code="d">OCLCQ</subfield><subfield code="d">CRL</subfield><subfield code="d">OCLCQ</subfield><subfield code="d">OCLCF</subfield><subfield code="d">OCLCO</subfield><subfield code="d">OCLCQ</subfield></datafield><datafield ind1=" " ind2=" " tag="042"><subfield code="a">pcc</subfield></datafield><datafield ind1=" " ind2=" " tag="043"><subfield code="a">n-us-nb</subfield></datafield><datafield ind1="0" ind2="0" tag="245"><subfield code="a">North Platte daily record.</subfield></datafield><datafield ind1="3" ind2=" " tag="246"><subfield code="a">Saturday record</subfield></datafield><datafield ind1=" " ind2=" " tag="260"><subfield code="a">North Platte, Neb. :</subfield><subfield code="b">Williams &amp; Ellingham</subfield></datafield><datafield ind1=" " ind2=" " tag="300"><subfield code="a">volumes</subfield></datafield><datafield ind1=" " ind2=" " tag="310"><subfield code="a">Daily (except Sun.)</subfield></datafield><datafield ind1=" " ind2=" " tag="336"><subfield code="a">text</subfield><subfield code="b">txt</subfield><subfield code="2">rdacontent</subfield></datafield><datafield ind1=" " ind2=" " tag="337"><subfield code="a">microform</subfield><subfield code="b">h</subfield><subfield code="2">rdamedia</subfield></datafield><datafield ind1=" " ind2=" " tag="338"><subfield code="a">microfilm reel</subfield><subfield code="b">hd</subfield><subfield code="2">rdacarrier</subfield></datafield><datafield ind1="1" ind2=" " tag="362"><subfield code="a">Began in 1895; ceased in 1898.</subfield></datafield><datafield ind1=" " ind2=" " tag="500"><subfield code="a">On Saturdays published as: Saturday record, &lt;June 17, 1896&gt;-&lt;July 31, 1897&gt;.</subfield></datafield><datafield ind1=" " ind2=" " tag="515"><subfield code="a">Vol. number begins with &lt;Vol. 2, no. 33 (July 31, 1897)&gt;.</subfield></datafield><datafield ind1=" " ind2=" " tag="588"><subfield code="a">Description based on: No. 16 (Dec. 12, 1895).</subfield></datafield><datafield ind1=" " ind2=" " tag="533"><subfield code="a">Microfilm.</subfield><subfield code="m">1895-1897:[Gaps]</subfield><subfield code="b">Lincoln, Neb. :</subfield><subfield code="c">Nebraska State Historical Society,</subfield><subfield code="d">1957.</subfield><subfield code="e">1 microfilm reel ; 35 mm.</subfield></datafield><datafield ind1=" " ind2="0" tag="651"><subfield code="a">North Platte (Neb.)</subfield><subfield code="v">Newspapers.</subfield></datafield><datafield ind1=" " ind2="7" tag="651"><subfield code="a">Nebraska</subfield><subfield code="z">North Platte.</subfield><subfield code="2">fast</subfield><subfield code="0">(OCoLC)fst01217684</subfield></datafield><datafield ind1=" " ind2="7" tag="655"><subfield code="a">Newspapers.</subfield><subfield code="2">fast</subfield><subfield code="0">(OCoLC)fst01423814</subfield></datafield><datafield ind1=" " ind2=" " tag="752"><subfield code="a">United States</subfield><subfield code="b">Nebraska</subfield><subfield code="c">Lincoln</subfield><subfield code="d">North Platte.</subfield></datafield><datafield ind1="0" ind2="4" tag="785"><subfield code="t">Independent era (North Platte, Neb.)</subfield><subfield code="w">(DLC)sn 95070164</subfield><subfield code="w">(OCoLC)32817808</subfield></datafield><datafield ind1="1" ind2=" " tag="029"><subfield code="a">AU@</subfield><subfield code="b">000011869015</subfield></datafield></record>